@article{gmres_pipe,
    title={Hiding global communication latency in the GMRES algorithm on massively parallel machines},
    author={Ghysels, Pieter and Ashby, Thomas J and Meerbergen, Karl and Vanroose, Wim},
    journal={SIAM Journal on Scientific Computing},
    volume={35},
    number={1},
    pages={C48--C71},
    year={2013},
    publisher={SIAM}
}

@article{haskell_opt,
    title={A transformation-based optimiser for Haskell},
    author={Jones, Simon L Peyton and Santos, Andr{\'e} L M},
    journal={Science of computer programming},
    volume={32},
    number={1},
    pages={3--47},
    year={1998},
    publisher={Elsevier}
}

@article{waitfree_queue,
    author = {Kogan, Alex and Petrank, Erez},
    title = {Wait-free Queues with Multiple Enqueuers and Dequeuers},
    journal = {SIGPLAN Not.},
    issue_date = {August 2011},
    volume = {46},
    number = {8},
    month = feb,
    year = {2011},
    issn = {0362-1340},
    pages = {223--234},
    numpages = {12},
    url = {http://doi.acm.org/10.1145/2038037.1941585},
    doi = {10.1145/2038037.1941585},
    acmid = {1941585},
    publisher = {ACM},
    address = {New York, NY, USA},
    keywords = {concurrent queues, wait-free algorithms},
}

@inproceedings{pointeralias_stm,
    author = {Wang, Cheng and Chen, Wei-Yu and Wu, Youfeng and Saha, Bratin and Adl-Tabatabai, Ali-Reza},
    title = {Code Generation and Optimization for Transactional Memory Constructs in an Unmanaged Language},
    booktitle = {Proceedings of the International Symposium on Code Generation and Optimization},
    series = {CGO '07},
    year = {2007},
    isbn = {0-7695-2764-7},
    pages = {34--48},
    numpages = {15},
    url = {http://dx.doi.org/10.1109/CGO.2007.4},
    doi = {10.1109/CGO.2007.4},
    acmid = {1252529},
    publisher = {IEEE Computer Society},
    address = {Washington, DC, USA},
}

@article{kokkos_port,
    title = "Kokkos: Enabling manycore performance portability through polymorphic memory access patterns ",
    journal = "Journal of Parallel and Distributed Computing ",
    volume = "74",
    number = "12",
    pages = "3202 - 3216",
    year = "2014",
    note = "Domain-Specific Languages and High-Level Frameworks for High-Performance Computing ",
    issn = "0743-7315",
    doi = "http://dx.doi.org/10.1016/j.jpdc.2014.07.003",
    url = "http://www.sciencedirect.com/science/article/pii/S0743731514001257",
    author = "H. Carter Edwards and Christian R. Trott and Daniel Sunderland",
    keywords = "Parallel computing",
    keywords = "Thread parallelism",
    keywords = "Manycore",
    keywords = "GPU",
    keywords = "Performance portability",
    keywords = "Multidimensional array",
    keywords = "Mini-application "
}

@inproceedings{erlang_hpc,
    author = {Scalas, Alceste and Casu, Giovanni and Pili, Piero},
    title = {High-performance Technical Computing with Erlang},
    booktitle = {Proceedings of the 7th ACM SIGPLAN Workshop on ERLANG},
    series = {ERLANG '08},
    year = {2008},
    isbn = {978-1-60558-065-4},
    location = {Victoria, BC, Canada},
    pages = {49--60},
    numpages = {12},
    url = {http://doi.acm.org/10.1145/1411273.1411281},
    doi = {10.1145/1411273.1411281},
    acmid = {1411281},
    publisher = {ACM},
    address = {New York, NY, USA},
    keywords = {erlang, hpc, numerical applications},
}

@inproceedings{boost_accum,
    author = {Lev, Yossi and Moir, Mark},
    title = {Lightweight Parallel Accumulators Using C++ Templates},
    booktitle = {Proceedings of the 4th International Workshop on Multicore Software Engineering},
    series = {IWMSE '11},
    year = {2011},
    isbn = {978-1-4503-0577-8},
    location = {Waikiki, Honolulu, HI, USA},
    pages = {33--40},
    numpages = {8},
    url = {http://doi.acm.org/10.1145/1984693.1984698},
    doi = {10.1145/1984693.1984698},
    acmid = {1984698},
    publisher = {ACM},
    address = {New York, NY, USA},
    keywords = {concurrent programming, template metaprogramming},
}

@article{orca,
    title={The ORCA program system},
    author={Neese, Frank},
    journal={Wiley Interdisciplinary Reviews: Computational Molecular Science},
    volume={2},
    number={1},
    pages={73--78},
    year={2012},
    publisher={Wiley Online Library}
}

@online{top500,
    author = {TOP500.org},
    title = {TOP 10 Sites for June 2015},
    year = 2015,
    url = {http://www.top500.org/lists/2015/06/},
    urldate = {2015-09-30}
}

@inproceedings{strassen_comm_opt,
    author = {Ballard, Grey and Demmel, James and Holtz, Olga and Lipshitz, Benjamin and Schwartz, Oded},
    title = {Communication-optimal Parallel Algorithm for Strassen's Matrix Multiplication},
    booktitle = {Proceedings of the Twenty-fourth Annual ACM Symposium on Parallelism in Algorithms and Architectures},
    series = {SPAA '12},
    year = {2012},
    isbn = {978-1-4503-1213-4},
    location = {Pittsburgh, Pennsylvania, USA},
    pages = {193--204},
    numpages = {12},
    url = {http://doi.acm.org/10.1145/2312005.2312044},
    doi = {10.1145/2312005.2312044},
    acmid = {2312044},
    publisher = {ACM},
    address = {New York, NY, USA},
    keywords = {communication-avoiding algorithms, fast matrix multiplication, parallel algorithms},
}

@article{lammps,
    title = "Fast Parallel Algorithms for Short-Range Molecular Dynamics ",
    journal = "Journal of Computational Physics ",
    volume = "117",
    number = "1",
    pages = "1 - 19",
    year = "1995",
    issn = "0021-9991",
    doi = "http://dx.doi.org/10.1006/jcph.1995.1039",
    url = "http://www.sciencedirect.com/science/article/pii/S002199918571039X",
    author = "Steve Plimpton"
}

@article{lammps_montecarlo,
    title={Crossing the mesoscale no-man's land via parallel kinetic Monte Carlo},
    author={Plimpton, Steve and Battaile, Corbett and Chandross, Mike and Holm, Liz and Thompson, Aidan and Tikare, Veena and Wagner, Greg and Webb, E and Zhou, X and Cardona, C Garcia and others},
    journal={Sandia Report SAND2009-6226},
    year={2009}
}

@article{eigen,
    title={Eigen},
    author={Guennebaud, Ga{\"e}l and Jacob, Benoit and others},
    journal={URl: http://eigen.tuxfamily.org},
    year={2010}
}

@article{clojure_hpc_book_transducers,
    title={Clojure Reactive Programming},
    author={Borges, Leonardo},
    year={2015},
    publisher={Packt Publ.}
}

@inproceedings{lapack,
    title={LAPACK: A portable linear algebra library for high-performance computers},
    author={Anderson, Edward and Bai, Zhaojun and Dongarra, Jack and Greenbaum, Anne and McKenney, Alan and Du Croz, Jeremy and Hammerling, Sven and Demmel, James and Bischof, C and Sorensen, Danny},
    booktitle={Proceedings of the 1990 ACM/IEEE conference on Supercomputing},
    pages={2--11},
    year={1990},
    organization={IEEE Computer Society Press}
}

@ARTICLE{clojure_hpc, 
    author={Kalin, M. and Miller, D.}, 
    journal={Computing in Science Engineering}, 
    title={Clojure for Number Crunching on Multicore Machines}, 
    year={2012}, 
    volume={14}, 
    number={6}, 
    pages={12-23}, 
    keywords={Java;LISP;application program interfaces;concurrency control;multi-threading;multiprocessing systems;software libraries;virtual machines;Clojure;JVM;Java library;Java virtual machine;Lisp language;concurrency API;multicore architecture;multicore machine;multithreading;number crunching;Computer languages;Concurrent computing;Instruction sets;Java;Libraries;Programming;Java;Lisp;concurrency;multithreading;multiversion concurrency control;scientific computing;software transactional memory;synchronization}, 
    doi={10.1109/MCSE.2012.69}, 
    ISSN={1521-9615}, 
    month={Nov},}

    @article{comm_bott_sched,
        title={Techniques for reducing consistency-related communication in distributed shared-memory systems},
        author={Carter, John B and Bennett, John K and Zwaenepoel, Willy},
        journal={ACM Transactions on Computer Systems (TOCS)},
        volume={13},
        number={3},
        pages={205--243},
        year={1995},
        publisher={ACM}
    }

@book{clojure_book_transient,
    title={Clojure High Performance Programming},
    author={Kumar, Shantanu},
    year={2013},
    publisher={Packt Publishing Ltd}
}

@article{gpu,
    title={From CUDA to OpenCL: Towards a performance-portable solution for multi-platform GPU programming},
    author={Du, Peng and Weber, Rick and Luszczek, Piotr and Tomov, Stanimire and Peterson, Gregory and Dongarra, Jack},
    journal={Parallel Computing},
    volume={38},
    number={8},
    pages={391--407},
    year={2012},
    publisher={Elsevier}
}

@article{scipy,
    title={Circumventing The Linker: Using SciPy's BLAS and LAPACK Within Cython},
    author={Henriksen, Ian},
    year={2015}
}

@inproceedings{manycore,
    title={Thousand core chips: a technology perspective},
    author={Borkar, Shekhar},
    booktitle={Proceedings of the 44th annual Design Automation Conference},
    pages={746--749},
    year={2007},
    organization={ACM}
}

@inproceedings{rrb_vec,
    author = {Stucki, Nicolas and Rompf, Tiark and Ureche, Vlad and Bagwell, Phil},
    title = {RRB Vector: A Practical General Purpose Immutable Sequence},
    booktitle = {Proceedings of the 20th ACM SIGPLAN International Conference on Functional Programming},
    series = {ICFP 2015},
    year = {2015},
    isbn = {978-1-4503-3669-7},
    location = {Vancouver, BC, Canada},
    pages = {342--354},
    numpages = {13},
    url = {http://doi.acm.org/10.1145/2784731.2784739},
    doi = {10.1145/2784731.2784739},
    acmid = {2784739},
    publisher = {ACM},
    address = {New York, NY, USA},
    keywords = {Arrays, Data Structures, Immutable, Radix-Balanced, Relaxed-Radix-Balanced, Sequences, Trees, Vectors},
}

@mastersthesis{lorange2014rrb,
    author = {L'orange, Jean Niklas},
    title  = {{Improving RRB-Tree Performance through Transience}},
    school = {Norwegian University of Science and Technology},
    year   = {2014},
    month  = {June}
}

@online{persvec1,
  author = {L'orange, Jean Niklas},
  title = {{Understanding Clojure's Persistent Vectors, pt. 1}},
  year = {2013},
  url = {http://hypirion.com/musings/understanding-persistent-vector-pt-1},
  urldate = {2015-12-01}
}

@article{timeclocks,
  title={Time, clocks, and the ordering of events in a distributed system},
  author={Lamport, Leslie},
  journal={Communications of the ACM},
  volume={21},
  number={7},
  pages={558--565},
  year={1978},
  publisher={ACM}
}

@inproceedings{polyopt,
  title={Polly-Polyhedral optimization in LLVM},
  author={Grosser, Tobias and Zheng, Hongbin and Aloor, Raghesh and Simb{\"u}rger, Andreas and Gr{\"o}{\ss}linger, Armin and Pouchet, Louis-No{\"e}l},
  booktitle={Proceedings of the First International Workshop on Polyhedral Compilation Techniques (IMPACT)},
  volume={2011},
  year={2011}
}

@inproceedings{dswp,
  title={Decoupled software pipelining creates parallelization opportunities},
  author={Huang, Jialu and Raman, Arun and Jablin, Thomas B and Zhang, Yun and Hung, Tzu-Han and August, David I},
  booktitle={Proceedings of the 8th annual IEEE/ACM international symposium on Code generation and optimization},
  pages={121--130},
  year={2010},
  organization={ACM}
}

@Misc{folly,
    title = {Facebook Folly library},
    howpublished = {\url{https://github.com/facebook/folly}},
    year = {2016}
}

@unpublished{semaphore,
   author = {Edsger W. Dijkstra},
   title = {Over seinpalen},
   year = {n.d.},
   note = {circulated privately},
   url = {http://www.cs.utexas.edu/users/EWD/ewd00xx/EWD74.PDF},
   fileSize = {309 KB}
}
